<?xml version="1.0" encoding="UTF-8"?><collection xmlns="http://www.loc.gov/MARC21/slim"><record><leader>00532nam--2200181-u-4500</leader><controlfield tag="001">000055712</controlfield><controlfield tag="002">20161230</controlfield><controlfield tag="005">20161230201052</controlfield><controlfield tag="008">130329s1000------------r-----000-0-eng-d</controlfield><datafield ind1=" " ind2=" " tag="040"><subfield code="a">IFIN-HH</subfield></datafield><datafield ind1="1" ind2=" " tag="110"><subfield code="a">International Atomic Energy Agency</subfield></datafield><datafield ind1="1" ind2="0" tag="245"><subfield code="a">Safeguards techniques</subfield><subfield code="b">Proceedings of a symposium karlsruhe, 6-10 july 1970</subfield></datafield><datafield ind1=" " ind2=" " tag="260"><subfield code="a">Vienna</subfield><subfield code="b">International Atomic Energy Agency</subfield><subfield code="c">1970</subfield></datafield><datafield ind1=" " ind2=" " tag="300"><subfield code="a">2 VOL</subfield></datafield><datafield ind1=" " ind2=" " tag="490"><subfield code="a">Proceeings Series</subfield></datafield><datafield ind1="1" ind2=" " tag="787"><subfield code="a">Vol. Ii</subfield><subfield code="h">502p</subfield></datafield><datafield ind1=" " ind2=" " tag="852"><subfield code="a">33756</subfield><subfield code="c">H.H</subfield></datafield><datafield ind1=" " ind2=" " tag="CAT"><subfield code="a">Sys</subfield><subfield code="c">20130329</subfield><subfield code="h">150238</subfield></datafield></record></collection>